@BOOK {forsyth2012,
    author    = "David Forsyth and Jean Ponce",
    title     = "Computer Vision. A modern approach",
    publisher = "Pearson",
    year      = "2012",
    edition   = "second"
}

@misc{criminisi2004,
	author = "Anotonio Criminisi",
	title = {{Microsoft Research Cambridge Object Recognition Image Database, version 2.0}},
	howpublished = "\url{http://research.microsoft.com/en-us/projects/objectclassrecognition/}",
	year = "2004", 
	note = "[Online; accessed 09-April-2016]"
}

@misc{collomosse2016,
	author = "John Collomosse",
	title = {{Lecture notes for EEE3032 â€“ Computer Vision and Pattern Recognition}},
	year = "2016", 
	publisher = "University of Surrey"
}

@misc{sobel2015,
	title = {{History and Definition of the so-called ``Sobel Operator''}},
	year = "2015",
	author = "Irwin Sobel",
	howpublished = "\url{https://www.researchgate.net/publication/239398674_An_Isotropic_3_3_Image_Gradient_Operator}",
	note = "[Online; accessed 10-April-2016]"
}

@BOOK {gradshteyn2007,
	author    = "I.S. Gradshteyn and I.M. Ryzhik",
	title     = "Table of Integrals, Series, and Products",
	publisher = "Elsevier",
	year      = "2007",
	edition   = "seventh"
}